<?xml version="1.0" encoding="UTF-8"?>
<record xmlns="http://www.loc.gov/MARC21/slim">
   <leader>00788cam a2200169 a 4500</leader>
   <controlfield tag="001">3328101</controlfield>
   <controlfield tag="003">NjP</controlfield>
   <controlfield tag="005">20180109173040.0</controlfield>
   <controlfield tag="008">010322s1922    ua            000 0 ara d</controlfield>
   <datafield tag="024" ind1="7" ind2=" ">
      <subfield code="a">princeton_aco004238</subfield>
      <subfield code="2">local</subfield>
   </datafield>
   <datafield ind1=" " ind2=" " tag="040">
      <subfield code="a">NjP</subfield>
      <subfield code="c">NjP</subfield>
   </datafield>
   <datafield ind1=" " ind2=" " tag="043">
      <subfield code="a">f-ua---</subfield>
   </datafield>
   <datafield ind1="1" ind2=" " tag="110">
      <subfield code="a">Egypt.</subfield>
      <subfield code="b">Maḥkamat Miṣr al-Ibtidāʾīyah al-Sharʻīyah.</subfield>
      <subfield code="0">http://id.loc.gov/authorities/names/no2001023209</subfield>
   </datafield>
   <datafield ind1="1" ind2="0" tag="245">
      <subfield code="a">Ṣūrat qarār Maḥkamat Miṣr al-Ibtidāʾīyah al-Sharʻīyah bi-tārīkh 24 Māyū sanat 1922 :</subfield>
      <subfield code="b">fī qaḍīyat waqf al-marḥūmah al-Amīrah Zaynab Hānim, karīmat al-marḥūm Muḥammad ʻAlī Bāshā wālī Miṣr al-asbaq.</subfield>
   </datafield>
   <datafield ind1=" " ind2=" " tag="260">
      <subfield code="a">[Egypt] :</subfield>
      <subfield code="b">Muṣṭafá Niyāzī Bik,</subfield>
      <subfield code="c">[1922?]</subfield>
   </datafield>
   <datafield ind1=" " ind2=" " tag="300">
      <subfield code="a">7 p. ;</subfield>
      <subfield code="c">20 cm.</subfield>
   </datafield>
   <datafield ind1="0" ind2="0" tag="600">
      <subfield code="a">Zaynab Hānim</subfield>
      <subfield code="x">Will.</subfield>
   </datafield>
   <datafield ind1=" " ind2="0" tag="650">
      <subfield code="a">Waqf</subfield>
      <subfield code="z">Egypt.</subfield>
   </datafield>
   <datafield ind1=" " ind2=" " tag="902">
      <subfield code="a">jeb</subfield>
      <subfield code="c">b</subfield>
      <subfield code="d">v</subfield>
      <subfield code="f">1</subfield>
      <subfield code="s">m</subfield>
      <subfield code="b">o</subfield>
      <subfield code="e">20010322</subfield>
   </datafield>
   <datafield ind1="8" ind2=" " tag="852">
      <subfield code="0">3656699</subfield>
      <subfield code="b">rcppa</subfield>
      <subfield code="h">KBL</subfield>
      <subfield code="i">.E496 1922</subfield>
      <subfield code="x">tr fr anxa</subfield>
   </datafield>
   <datafield ind1=" " ind2=" " tag="959">
      <subfield code="a">2001-03-22 09:48:40 -0500</subfield>
   </datafield>
</record>
